@misc{ OECD2013,
	author = "OECD",
	title  = "Education at a Glance 2013",
	year = "2013",
	howpublished = "[Online; accessed 24-October-2013]",
	url = "http://www.oecd.org/edu/eag2013\%20(eng)--FINAL\%2020\%20June\%202013.pdf"
}
@Book{ datawarehouseIntro,
	author = {Jensen, Pedersen, Thomsen},
	title = {Multidimensional Databases and Data Warehousing},
	year = {2010},
	publisher = {Morgan \& Claypool},
	isbn = 9781608455386
}